[gd_scene load_steps=33 format=2]

[ext_resource path="res://player/Player.gd" type="Script" id=1]
[ext_resource path="res://player/PlayerCam.gd" type="Script" id=2]
[ext_resource path="res://UI/Theme/Default_Box.tres" type="StyleBox" id=3]
[ext_resource path="res://player/mesh/playerCharacter.gltf" type="PackedScene" id=4]
[ext_resource path="res://player/PlayerMat.tres" type="Material" id=5]
[ext_resource path="res://scripts/Hitbox.gd" type="Script" id=6]
[ext_resource path="res://player/PlayerInteractions.gd" type="Script" id=7]

[sub_resource type="BoxShape" id=1]
extents = Vector3( 0.288909, 0.294, 0.9 )

[sub_resource type="Animation" id=2]
length = 0.2

[sub_resource type="Animation" id=3]
length = 0.25
loop = true

[sub_resource type="Animation" id=4]
length = 0.2

[sub_resource type="BoxShape" id=5]
extents = Vector3( 0.208105, 0.811999, 0.171546 )

[sub_resource type="AnimationNodeAnimation" id=6]
animation = "fall"

[sub_resource type="AnimationNodeAnimation" id=7]
animation = "jump"

[sub_resource type="AnimationNodeAnimation" id=8]
animation = "run-fire"

[sub_resource type="AnimationNodeAnimation" id=9]
animation = "run_loop"

[sub_resource type="AnimationNodeOneShot" id=10]
filter_enabled = true
filters = [ "Armature/Skeleton:chest", "Armature/Skeleton:hand_l", "Armature/Skeleton:index_1_l", "Armature/Skeleton:index_2_l", "Armature/Skeleton:index_3_l", "Armature/Skeleton:lower_arm_l", "Armature/Skeleton:middle_1_l", "Armature/Skeleton:middle_2_l", "Armature/Skeleton:middle_3_l", "Armature/Skeleton:pinky_1_l", "Armature/Skeleton:pinky_2_l", "Armature/Skeleton:pinky_3_l", "Armature/Skeleton:ring_1_l", "Armature/Skeleton:ring_2_l", "Armature/Skeleton:ring_3_l", "Armature/Skeleton:shoulder_l", "Armature/Skeleton:thumb_1_l", "Armature/Skeleton:thumb_2_l", "Armature/Skeleton:thumb_2_l_1", "Armature/Skeleton:upper_arm_l" ]
fadein_time = 0.05

[sub_resource type="AnimationNodeBlendTree" id=11]
graph_offset = Vector2( 0, 90.9583 )
nodes/Animation/node = SubResource( 9 )
nodes/Animation/position = Vector2( 420, 40 )
"nodes/Animation 2/node" = SubResource( 8 )
"nodes/Animation 2/position" = Vector2( 376, 195.458 )
nodes/OneShot/node = SubResource( 10 )
nodes/OneShot/position = Vector2( 580, 100 )
nodes/output/position = Vector2( 760, 120 )
node_connections = [ "output", 0, "OneShot", "OneShot", 0, "Animation", "OneShot", 1, "Animation 2" ]

[sub_resource type="AnimationNodeAnimation" id=12]
animation = "stand-fire"

[sub_resource type="AnimationNodeAnimation" id=13]
animation = "stand_loop"

[sub_resource type="AnimationNodeOneShot" id=14]
filter_enabled = true
filters = [ "Armature/Skeleton:hand_l", "Armature/Skeleton:index_1_l", "Armature/Skeleton:index_2_l", "Armature/Skeleton:index_3_l", "Armature/Skeleton:lower_arm_l", "Armature/Skeleton:middle_1_l", "Armature/Skeleton:middle_2_l", "Armature/Skeleton:middle_3_l", "Armature/Skeleton:pinky_1_l", "Armature/Skeleton:pinky_2_l", "Armature/Skeleton:pinky_3_l", "Armature/Skeleton:ring_1_l", "Armature/Skeleton:ring_2_l", "Armature/Skeleton:ring_3_l", "Armature/Skeleton:shoulder_l", "Armature/Skeleton:thumb_1_l", "Armature/Skeleton:thumb_2_l", "Armature/Skeleton:thumb_2_l_1", "Armature/Skeleton:upper_arm_l" ]

[sub_resource type="AnimationNodeBlendTree" id=15]
graph_offset = Vector2( -167, 113 )
nodes/Animation/node = SubResource( 13 )
nodes/Animation/position = Vector2( 200, 60 )
"nodes/Animation 2/node" = SubResource( 12 )
"nodes/Animation 2/position" = Vector2( 200, 200 )
nodes/OneShot/node = SubResource( 14 )
nodes/OneShot/position = Vector2( 420, 60 )
nodes/output/position = Vector2( 620, 100 )
node_connections = [ "output", 0, "OneShot", "OneShot", 0, "Animation", "OneShot", 1, "Animation 2" ]

[sub_resource type="AnimationNodeStateMachineTransition" id=16]
xfade_time = 0.2

[sub_resource type="AnimationNodeStateMachineTransition" id=17]
xfade_time = 0.1

[sub_resource type="AnimationNodeStateMachineTransition" id=18]

[sub_resource type="AnimationNodeStateMachineTransition" id=19]
xfade_time = 0.1

[sub_resource type="AnimationNodeStateMachineTransition" id=20]
xfade_time = 0.1

[sub_resource type="AnimationNodeStateMachineTransition" id=21]
xfade_time = 0.1

[sub_resource type="AnimationNodeStateMachineTransition" id=22]
xfade_time = 0.1

[sub_resource type="AnimationNodeStateMachineTransition" id=23]
xfade_time = 0.1

[sub_resource type="AnimationNodeStateMachine" id=24]
states/fall/node = SubResource( 6 )
states/fall/position = Vector2( 613, 209 )
states/jump/node = SubResource( 7 )
states/jump/position = Vector2( 752, 209 )
states/running/node = SubResource( 11 )
states/running/position = Vector2( 926, 96 )
states/standing/node = SubResource( 15 )
states/standing/position = Vector2( 613, 96 )
transitions = [ "jump", "fall", SubResource( 16 ), "running", "fall", SubResource( 17 ), "running", "jump", SubResource( 18 ), "standing", "running", SubResource( 19 ), "running", "standing", SubResource( 20 ), "standing", "jump", SubResource( 21 ), "fall", "standing", SubResource( 22 ), "standing", "fall", SubResource( 23 ) ]
start_node = "standing"
graph_offset = Vector2( 0, 3.02399 )

[sub_resource type="AnimationNodeStateMachinePlayback" id=25]

[node name="Player" type="KinematicBody" groups=[
"Persist",
]]
pause_mode = 1
collision_layer = 2
collision_mask = 2147483675
script = ExtResource( 1 )

[node name="PlayerCam" type="Camera" parent="."]
transform = Transform( 1, 0, 0, 0, 1, 0, 0, 0, 1, 2, 1.5, 7.5 )
script = ExtResource( 2 )
targetOffset = Vector3( 0, 1.5, 6.5 )
smoothSpeed = 0.04

[node name="BulletOrigin" type="Spatial" parent="."]
transform = Transform( -4.37114e-08, 0, 1, 0, 1, 0, -1, 0, -4.37114e-08, 0.697676, 1.39991, -2.18518e-08 )

[node name="CapsuleCollision" type="CollisionShape" parent="."]
transform = Transform( 1, 0, 0, 0, -4.37114e-08, 1, 0, -1, -4.37114e-08, 0, 0.9, 0 )
shape = SubResource( 1 )

[node name="DebugInfo" type="Label" parent="."]
anchor_top = 1.0
anchor_bottom = 1.0
margin_left = 734.0
margin_top = -504.0
margin_right = 793.0
margin_bottom = -426.0
grow_vertical = 0
text = "X:
Y:
State:"
valign = 2
__meta__ = {
"_edit_use_anchors_": false
}

[node name="playerCharacter" parent="." instance=ExtResource( 4 )]
transform = Transform( -4.37114e-08, 0, 1, 0, 1, 0, -1, 0, -4.37114e-08, 0, 0, 0 )

[node name="Skeleton" parent="playerCharacter/Armature" index="0"]
bones/10/bound_children = [ NodePath("BoneAttachment") ]

[node name="BoneAttachment" parent="playerCharacter/Armature/Skeleton" index="0"]
transform = Transform( -0.0926212, -0.201554, 0.975088, 0.995609, -0.0321177, 0.0879314, 0.0135947, 0.978951, 0.203644, 0.0997331, 1.16563, 0.260546 )

[node name="PlayerBody" parent="playerCharacter/Armature/Skeleton" index="1"]
material/0 = ExtResource( 5 )

[node name="AnimationPlayer" parent="playerCharacter" index="4"]
autoplay = "stand_loop"

[node name="FxAnim" type="AnimationPlayer" parent="."]
anims/Damage = SubResource( 2 )
anims/Flash = SubResource( 3 )
anims/Rest = SubResource( 4 )

[node name="EnergyTween" type="Tween" parent="."]

[node name="RechargeTimer" type="Timer" parent="."]
wait_time = 2.0
one_shot = true

[node name="InvulnTimer" type="Timer" parent="."]
wait_time = 0.8
one_shot = true

[node name="FireTimer" type="Timer" parent="."]
one_shot = true

[node name="Hitbox" type="Area" parent="."]
transform = Transform( 1, 0, 0, 0, 1, 0, 0, 0, 1, 0, 0.987251, 0 )
collision_layer = 2
collision_mask = 2147483896
script = ExtResource( 6 )

[node name="HitboxShape" type="CollisionShape" parent="Hitbox"]
transform = Transform( 1, 0, 0, 0, 1, 0, 0, 0, 1, 0, -0.086, 0 )
shape = SubResource( 5 )

[node name="HeadPoint" type="Spatial" parent="."]
transform = Transform( 1, 0, 0, 0, 1, 0, 0, 0, 1, 0, 1.90761, 0 )

[node name="SpotLight" type="SpotLight" parent="."]
transform = Transform( 1, 0, 0, 0, 1, 0, 0, 0, 1, 0, 1.04302, 3.28517 )
spot_range = 10.0
spot_angle_attenuation = 0.594603

[node name="AnimationTree" type="AnimationTree" parent="."]
tree_root = SubResource( 24 )
anim_player = NodePath("../playerCharacter/AnimationPlayer")
active = true
parameters/playback = SubResource( 25 )
parameters/running/OneShot/active = false
parameters/standing/OneShot/active = false

[node name="ActionBox" type="PanelContainer" parent="."]
margin_right = 30.0
margin_bottom = 36.0
grow_horizontal = 2
rect_min_size = Vector2( 30, 36 )
size_flags_horizontal = 7
size_flags_vertical = 5
custom_styles/panel = ExtResource( 3 )
script = ExtResource( 7 )
__meta__ = {
"_edit_use_anchors_": false
}

[node name="Label" type="Label" parent="ActionBox"]
margin_left = 15.0
margin_top = 6.0
margin_right = 15.0
margin_bottom = 30.0
rect_pivot_offset = Vector2( 0.744, 24 )
size_flags_horizontal = 6
align = 1
valign = 1
__meta__ = {
"_edit_use_anchors_": false
}
[connection signal="tween_all_completed" from="EnergyTween" to="." method="_on_EnergyTween_tween_all_completed"]
[connection signal="timeout" from="RechargeTimer" to="." method="_on_RechargeTimer_timeout"]
[connection signal="timeout" from="InvulnTimer" to="." method="_on_InvulnTimer_timeout"]
[connection signal="area_entered" from="Hitbox" to="." method="_on_Hitbox_area_entered"]
[connection signal="area_exited" from="Hitbox" to="." method="_on_Hitbox_area_exited"]

[editable path="playerCharacter"]
