[gd_scene load_steps=4 format=2]

[ext_resource path="res://scripts/ItemEd/Equipment.gd" type="Script" id=1]
[ext_resource path="res://Items/images/atlas.png" type="Texture" id=2]

[sub_resource type="AtlasTexture" id=1]
flags = 23
atlas = ExtResource( 2 )
region = Rect2( 0, 0, 150, 150 )
filter_clip = true

[node name="Equipment" type="PanelContainer"]
anchor_right = 1.0
anchor_bottom = 1.0
margin_left = 4.0
margin_top = 40.0
margin_right = -24.0
margin_bottom = -4.0
script = ExtResource( 1 )
__meta__ = {
"_edit_use_anchors_": false
}
directory_to_check = "res://Items/equip"

[node name="Holder" type="HBoxContainer" parent="."]
margin_left = 7.0
margin_top = 7.0
margin_right = 1001.0
margin_bottom = 525.0

[node name="LeftSide" type="VBoxContainer" parent="Holder"]
margin_right = 250.0
margin_bottom = 518.0

[node name="ItemList" type="ItemList" parent="Holder/LeftSide"]
margin_right = 250.0
margin_bottom = 450.0
rect_min_size = Vector2( 250, 0 )
size_flags_vertical = 3

[node name="AddFileButton" type="Button" parent="Holder/LeftSide"]
margin_top = 454.0
margin_right = 250.0
margin_bottom = 484.0
text = "Add Item"

[node name="SaveFileButton" type="Button" parent="Holder/LeftSide"]
margin_top = 488.0
margin_right = 250.0
margin_bottom = 518.0
disabled = true
text = "Save Files"

[node name="RightSide" type="GridContainer" parent="Holder"]
margin_left = 254.0
margin_right = 994.0
margin_bottom = 518.0
size_flags_horizontal = 3
size_flags_vertical = 3
columns = 2

[node name="Label" type="Label" parent="Holder/RightSide"]
margin_right = 156.0
margin_bottom = 24.0
text = "ID:"
align = 2

[node name="IDField" type="Label" parent="Holder/RightSide"]
margin_left = 160.0
margin_right = 740.0
margin_bottom = 24.0
size_flags_horizontal = 3

[node name="Label2" type="Label" parent="Holder/RightSide"]
margin_top = 33.0
margin_right = 156.0
margin_bottom = 57.0
text = "Name:"
align = 2

[node name="NameField" type="LineEdit" parent="Holder/RightSide"]
margin_left = 160.0
margin_top = 28.0
margin_right = 740.0
margin_bottom = 62.0
size_flags_horizontal = 3
editable = false
caret_blink = true
caret_blink_speed = 0.5

[node name="Label3" type="Label" parent="Holder/RightSide"]
margin_top = 71.0
margin_right = 156.0
margin_bottom = 95.0
text = "Description:"
align = 2

[node name="DescField" type="LineEdit" parent="Holder/RightSide"]
margin_left = 160.0
margin_top = 66.0
margin_right = 740.0
margin_bottom = 100.0
size_flags_horizontal = 3
editable = false
caret_blink = true
caret_blink_speed = 0.5

[node name="Label4" type="Label" parent="Holder/RightSide"]
margin_top = 109.0
margin_right = 156.0
margin_bottom = 133.0
text = "Buy:"
align = 2

[node name="BuyBox" type="SpinBox" parent="Holder/RightSide"]
margin_left = 160.0
margin_top = 104.0
margin_right = 740.0
margin_bottom = 138.0
min_value = 1.0
value = 1.0
rounded = true
allow_greater = true
editable = false
prefix = "$"

[node name="Label5" type="Label" parent="Holder/RightSide"]
margin_top = 147.0
margin_right = 156.0
margin_bottom = 171.0
text = "Sell:"
align = 2

[node name="SellBox" type="SpinBox" parent="Holder/RightSide"]
margin_left = 160.0
margin_top = 142.0
margin_right = 740.0
margin_bottom = 176.0
min_value = 1.0
value = 1.0
rounded = true
allow_greater = true
editable = false
prefix = "$"

[node name="Label8" type="Label" parent="Holder/RightSide"]
margin_top = 183.0
margin_right = 156.0
margin_bottom = 207.0
text = "Equip As:"
align = 2
__meta__ = {
"_edit_use_anchors_": false
}

[node name="EquipAsMenu" type="OptionButton" parent="Holder/RightSide"]
margin_left = 160.0
margin_top = 180.0
margin_right = 740.0
margin_bottom = 210.0
text = "Head"
items = [ "Head", null, false, 0, null, "Body", null, false, 1, null, "Gun Modification", null, false, 2, null, "Accessory", null, false, 3, null ]
selected = 0

[node name="Label9" type="Label" parent="Holder/RightSide"]
margin_top = 259.0
margin_right = 156.0
margin_bottom = 283.0
text = "Stat Changes:"
align = 2

[node name="PanelContainer" type="PanelContainer" parent="Holder/RightSide"]
margin_left = 160.0
margin_top = 214.0
margin_right = 740.0
margin_bottom = 328.0

[node name="GridContainer" type="GridContainer" parent="Holder/RightSide/PanelContainer"]
margin_left = 7.0
margin_top = 7.0
margin_right = 573.0
margin_bottom = 107.0
columns = 5

[node name="Label" type="Label" parent="Holder/RightSide/PanelContainer/GridContainer"]
margin_right = 110.0
margin_bottom = 24.0
text = "HP"
align = 1

[node name="Label2" type="Label" parent="Holder/RightSide/PanelContainer/GridContainer"]
margin_left = 114.0
margin_right = 224.0
margin_bottom = 24.0
text = "Energy"
align = 1

[node name="Label3" type="Label" parent="Holder/RightSide/PanelContainer/GridContainer"]
margin_left = 228.0
margin_right = 338.0
margin_bottom = 24.0
text = "Attack"
align = 1

[node name="Label4" type="Label" parent="Holder/RightSide/PanelContainer/GridContainer"]
margin_left = 342.0
margin_right = 452.0
margin_bottom = 24.0
text = "Defense"
align = 1

[node name="Label5" type="Label" parent="Holder/RightSide/PanelContainer/GridContainer"]
margin_left = 456.0
margin_right = 566.0
margin_bottom = 24.0
text = "Luck"
align = 1

[node name="HpMultBox" type="SpinBox" parent="Holder/RightSide/PanelContainer/GridContainer"]
margin_top = 28.0
margin_right = 110.0
margin_bottom = 62.0
size_flags_horizontal = 3
min_value = 0.1
step = 0.1
value = 1.0
editable = false
prefix = "x"

[node name="EnMultBox" type="SpinBox" parent="Holder/RightSide/PanelContainer/GridContainer"]
margin_left = 114.0
margin_top = 28.0
margin_right = 224.0
margin_bottom = 62.0
size_flags_horizontal = 3
min_value = 0.1
step = 0.1
value = 1.0
editable = false
prefix = "x"

[node name="AtkMultBox" type="SpinBox" parent="Holder/RightSide/PanelContainer/GridContainer"]
margin_left = 228.0
margin_top = 28.0
margin_right = 338.0
margin_bottom = 62.0
size_flags_horizontal = 3
min_value = 0.1
step = 0.1
value = 1.0
editable = false
prefix = "x"

[node name="DefMultBox" type="SpinBox" parent="Holder/RightSide/PanelContainer/GridContainer"]
margin_left = 342.0
margin_top = 28.0
margin_right = 452.0
margin_bottom = 62.0
size_flags_horizontal = 3
min_value = 0.1
step = 0.1
value = 1.0
editable = false
prefix = "x"

[node name="LuckMultBox" type="SpinBox" parent="Holder/RightSide/PanelContainer/GridContainer"]
margin_left = 456.0
margin_top = 28.0
margin_right = 566.0
margin_bottom = 62.0
size_flags_horizontal = 3
min_value = 0.1
step = 0.1
value = 1.0
editable = false
prefix = "x"

[node name="HpBonusBox" type="SpinBox" parent="Holder/RightSide/PanelContainer/GridContainer"]
margin_top = 66.0
margin_right = 110.0
margin_bottom = 100.0
size_flags_horizontal = 3
min_value = -1000.0
max_value = 1000.0
editable = false
prefix = "+"

[node name="EnBonusBox" type="SpinBox" parent="Holder/RightSide/PanelContainer/GridContainer"]
margin_left = 114.0
margin_top = 66.0
margin_right = 224.0
margin_bottom = 100.0
size_flags_horizontal = 3
min_value = -1000.0
max_value = 1000.0
editable = false
prefix = "+"

[node name="AtkBonusBox" type="SpinBox" parent="Holder/RightSide/PanelContainer/GridContainer"]
margin_left = 228.0
margin_top = 66.0
margin_right = 338.0
margin_bottom = 100.0
size_flags_horizontal = 3
min_value = -1000.0
max_value = 1000.0
editable = false
prefix = "+"

[node name="DefBonusBox" type="SpinBox" parent="Holder/RightSide/PanelContainer/GridContainer"]
margin_left = 342.0
margin_top = 66.0
margin_right = 452.0
margin_bottom = 100.0
size_flags_horizontal = 3
min_value = -1000.0
max_value = 1000.0
editable = false
prefix = "+"

[node name="LuckBonusBox" type="SpinBox" parent="Holder/RightSide/PanelContainer/GridContainer"]
margin_left = 456.0
margin_top = 66.0
margin_right = 566.0
margin_bottom = 100.0
size_flags_horizontal = 3
min_value = -1000.0
max_value = 1000.0
editable = false
prefix = "+"

[node name="Label10" type="Label" parent="Holder/RightSide"]
margin_top = 335.0
margin_right = 156.0
margin_bottom = 359.0
text = "Special Effect:"
align = 2

[node name="SpFxMenu" type="OptionButton" parent="Holder/RightSide"]
margin_left = 160.0
margin_top = 332.0
margin_right = 740.0
margin_bottom = 362.0
disabled = true
text = "No Effect"
items = [ "No Effect", null, false, 0, false, "Immune to Fire", null, false, 1, null, "Immune to Weapon Lock", null, false, 2, null ]
selected = 0

[node name="Label14" type="Label" parent="Holder/RightSide"]
margin_top = 371.0
margin_right = 156.0
margin_bottom = 395.0
text = "Regen (per 10s):"
align = 2

[node name="RegenBox" type="SpinBox" parent="Holder/RightSide"]
margin_left = 160.0
margin_top = 366.0
margin_right = 740.0
margin_bottom = 400.0
editable = false
suffix = "HP"

[node name="Label13" type="Label" parent="Holder/RightSide"]
margin_top = 449.0
margin_right = 156.0
margin_bottom = 473.0
text = "Icon:"
align = 2

[node name="IconBox" type="HBoxContainer" parent="Holder/RightSide"]
margin_left = 160.0
margin_top = 404.0
margin_right = 740.0
margin_bottom = 518.0
size_flags_vertical = 3

[node name="XBox" type="SpinBox" parent="Holder/RightSide/IconBox"]
margin_top = 40.0
margin_right = 110.0
margin_bottom = 74.0
size_flags_vertical = 4
max_value = 15.0
editable = false

[node name="YBox" type="SpinBox" parent="Holder/RightSide/IconBox"]
margin_left = 114.0
margin_top = 40.0
margin_right = 224.0
margin_bottom = 74.0
size_flags_vertical = 4
max_value = 15.0
editable = false

[node name="TextureRect" type="TextureRect" parent="Holder/RightSide/IconBox"]
margin_left = 228.0
margin_right = 580.0
margin_bottom = 114.0
size_flags_horizontal = 3
texture = SubResource( 1 )
expand = true
stretch_mode = 6

[node name="NewItemDlg" type="PopupDialog" parent="."]
margin_left = 7.0
margin_top = 7.0
margin_right = 1009.0
margin_bottom = 525.0
popup_exclusive = true

[node name="NewItemBox" type="LineEdit" parent="NewItemDlg"]
anchor_left = 0.5
anchor_top = 0.5
anchor_right = 0.5
anchor_bottom = 0.5
margin_left = -304.5
margin_top = -17.0
margin_right = 304.5
margin_bottom = 17.0
placeholder_text = "Enter New Item ID..."
caret_blink = true
caret_blink_speed = 0.5
__meta__ = {
"_edit_use_anchors_": false
}

[node name="AlreadyExistsWarning" type="Label" parent="NewItemDlg"]
anchor_left = 0.5
anchor_top = 0.5
anchor_right = 0.5
anchor_bottom = 0.5
margin_left = -171.5
margin_top = -56.4974
margin_right = 171.5
margin_bottom = -32.4974
text = "An item with that ID already exists."
align = 1
__meta__ = {
"_edit_use_anchors_": false
}

[node name="NewItemCancelButton" type="Button" parent="NewItemDlg"]
anchor_left = 0.5
anchor_top = 0.5
anchor_right = 0.5
anchor_bottom = 0.5
margin_left = -38.5
margin_top = 32.0
margin_right = 38.5
margin_bottom = 62.0
text = "Cancel"
__meta__ = {
"_edit_use_anchors_": false
}
[connection signal="item_selected" from="Holder/LeftSide/ItemList" to="." method="_on_ItemList_item_selected"]
[connection signal="pressed" from="Holder/LeftSide/AddFileButton" to="." method="_on_AddFileButton_pressed"]
[connection signal="pressed" from="Holder/LeftSide/SaveFileButton" to="." method="_on_SaveFileButtons_pressed"]
[connection signal="text_changed" from="Holder/RightSide/NameField" to="." method="_on_NameField_text_entered"]
[connection signal="text_changed" from="Holder/RightSide/DescField" to="." method="_on_DescField_text_entered"]
[connection signal="value_changed" from="Holder/RightSide/BuyBox" to="." method="_on_BuyBox_value_changed"]
[connection signal="value_changed" from="Holder/RightSide/SellBox" to="." method="_on_SellBox_value_changed"]
[connection signal="item_selected" from="Holder/RightSide/EquipAsMenu" to="." method="_on_EquipAsMenu_item_selected"]
[connection signal="value_changed" from="Holder/RightSide/PanelContainer/GridContainer/HpMultBox" to="." method="_on_HpMultBox_value_changed"]
[connection signal="value_changed" from="Holder/RightSide/PanelContainer/GridContainer/EnMultBox" to="." method="_on_EnMultBox_value_changed"]
[connection signal="value_changed" from="Holder/RightSide/PanelContainer/GridContainer/AtkMultBox" to="." method="_on_AtkMultBox_value_changed"]
[connection signal="value_changed" from="Holder/RightSide/PanelContainer/GridContainer/DefMultBox" to="." method="_on_DefMultBox_value_changed"]
[connection signal="value_changed" from="Holder/RightSide/PanelContainer/GridContainer/LuckMultBox" to="." method="_on_LuckMultBox_value_changed"]
[connection signal="value_changed" from="Holder/RightSide/PanelContainer/GridContainer/HpBonusBox" to="." method="_on_HpBonusBox_value_changed"]
[connection signal="value_changed" from="Holder/RightSide/PanelContainer/GridContainer/EnBonusBox" to="." method="_on_EnBonusBox_value_changed"]
[connection signal="value_changed" from="Holder/RightSide/PanelContainer/GridContainer/AtkBonusBox" to="." method="_on_AtkBonusBox_value_changed"]
[connection signal="value_changed" from="Holder/RightSide/PanelContainer/GridContainer/DefBonusBox" to="." method="_on_DefBonusBox_value_changed"]
[connection signal="value_changed" from="Holder/RightSide/PanelContainer/GridContainer/LuckBonusBox" to="." method="_on_LuckBonusBox_value_changed"]
[connection signal="item_selected" from="Holder/RightSide/SpFxMenu" to="." method="_on_SpFxMenu_item_selected"]
[connection signal="value_changed" from="Holder/RightSide/RegenBox" to="." method="_on_RegenBox_value_changed"]
[connection signal="value_changed" from="Holder/RightSide/IconBox/XBox" to="." method="_on_XBox_value_changed"]
[connection signal="value_changed" from="Holder/RightSide/IconBox/YBox" to="." method="_on_YBox_value_changed"]
[connection signal="text_entered" from="NewItemDlg/NewItemBox" to="." method="_on_NewItemBox_text_entered"]
[connection signal="pressed" from="NewItemDlg/NewItemCancelButton" to="." method="_on_NewItemCancelButton_pressed"]
